
@online{AssociazioneMarchigianaAstrofili,
  title = {A.{{M}}.{{A}}. - {{Associazione Marchigiana Astrofili}}: Gli Articoli Di {{Pulsar}}},
  url = {http://www.amastrofili.org/Pulsar/vediArticolo.asp?ID=259},
  urldate = {2020-10-29},
  file = {/home/jacopo/zotero/storage/5EB2UTAS/vediArticolo.html}
}

@online{AstronomyItsInstruments,
  title = {Astronomy and its instruments before and after Galileo},
  journaltitle = {CLEUP sc - Cooperativa Libraria Editrice Università di Padova},
  url = {https://www.cleup.it/product/13018818/astronomy-and-its-instrument-before-and-after-galileo},
  urldate = {2020-10-29},
  abstract = {Astronomy and its instrument before and after Galileo : ISBN:9788861295841Collana: Astronomia - AstrofisicaAutore: Pigatto L., Zanini V. (a cura di)  Edizione 2010Stato: Solo Presso Editore},
  file = {/home/jacopo/zotero/storage/Z6PQDI7H/astronomy-and-its-instrument-before-and-after-galileo.html},
  langid = {italian}
}

@book{barbieriLezioniDiAstronomia2003,
  title = {Lezioni di Astronomia},
  author = {Barbieri, Cesare},
  date = {2003},
  publisher = {{Zanichelli}},
  file = {/home/jacopo/zotero/storage/VMGVKEBS/Barbieri_Lezioni_Astronomia.pdf},
  isbn = {88-08-07471-4},
  langid = {italian},
  note = {For Natural Sciences students: more mathy}
}

@book{foucaultErmeneuticaSoggetto1982,
  title = {L'ermeneutica del soggetto},
  author = {Foucault, M.},
  date = {1982},
  publisher = {{Feltrinelli Editore}},
  url = {https://www.feltrinellieditore.it/opera/opera/lermeneutica-del-soggetto/},
  urldate = {2020-04-07},
  abstract = {Nel 1982, Michel Foucault dedica il suo corso al Collège de France alla \&quot;cura di sé\&quot;. Questa nozione, più del famoso \&quot;conosci te stesso\&quot;, è nella cultura greca e latina il perno intorno a cui vengono organizzate le pratiche della filosofia, ossia quell’insieme di tecniche, esercizi e addestramenti che erano ritenuti necessari alla formazione dell’uomo maturo. In senso stretto per Foucault si tratta di passare in rassegna le grandi scuole filosofiche dell’antichità, mettendo in luce l’importanza che il pensiero greco prima, e latino poi, assegnavano al principio di \&quot;avere cura di se stessi\&quot;, di occuparsi attivamente della propria crescita spirituale e di \&quot;allenarsi\&quot; ad affrontare gli eventi futuri senza lasciarsi intimorire e senza lasciarsi trascinare dalle emozioni che tali eventi avrebbero potuto suscitare. Dunque si trattava di un vero e proprio addestramento volto al raggiungimento della piena padronanza di sé, all’autoformazione dell’uomo libero. Ma l’intento di Foucault non è circoscritto alla ricostruzione storico filosofica di questa pedagogia dell’anima. Ciò che gli preme mettere in luce è la precarietà dei modi attraverso cui avviene, all’opposto, la formazione dell’uomo moderno. Rileggere Platone, Seneca, Epitteto, Marco Aurelio, permette a Foucault di interrogarsi sui rapporti fra relazioni di potere, stati di dominio e assoggettamento delle coscienze nell’età moderna.},
  file = {/home/jacopo/zotero/storage/PG5PWDQ4/lermeneutica-del-soggetto.html},
  langid = {italian}
}

@book{northCosmosIllustratedHistory2008,
  title = {Cosmos: {{An Illustrated History}} of {{Astronomy}} and {{Cosmology}}},
  shorttitle = {Cosmos},
  author = {North, John},
  date = {2008-07-15},
  edition = {Revised edition},
  publisher = {{University of Chicago Press}},
  location = {{Chicago}},
  abstract = {For millennia humans have studied the skies to help them grow crops, navigate the seas, and earn favor from their gods. We still look to the~stars today~for answers to fundamental questions: How did the universe begin? Will it end, and if so, how? What is our place within it? John North has been examining such questions for decades. In Cosmos, he offers a sweeping historical survey of the two sciences that help define our place in the universe: astronomy and cosmology. ~~~~~~~~~~~ Organizing his history chronologically, North begins by examining Paleolithic cave drawings that clearly chart the phases of the moon. He then investigates scientific practices in the early civilizations of Egypt, Greece, China, and the Americas (among others), whose inhabitants developed sophisticated methods to record the movements of the planets and stars. Trade routes and religious movements, North notes, brought these ancient styles of scientific thinking to the attention of later astronomers, whose own theories—such as Copernicus’ planetary theory—led to the Scientific Revolution. ~~~~~~~~~~~ The work of master astronomers, including Ptolemy, Galileo, Kepler, and Newton, is described in detail, as are modern-day developments in astrophysics, such as the advent of radio astronomy, the brilliant innovations of Einstein, and the many recent discoveries brought about with the help of the Hubble telescope. This new edition brings North’s seminal book right up to the present day, as North takes a closer look at last year’s reclassification of Pluto as a “dwarf” planet and gives a thorough overview of current research.~~~~~~~~~~~ With more than two hundred illustrations and a comprehensive bibliography, Cosmos is the definitive history of astronomy and cosmology. It is sure to find an eager audience among historians of science and astronomers alike.},
  isbn = {978-0-226-59441-5},
  langid = {english},
  pagetotal = {876}
}

@book{romanoIntroduzioneAllAstronomia1993,
  title = {Introduzione All'{{Astronomia}}},
  author = {Romano, Giuliano},
  date = {1993},
  publisher = {{Franco Muzzio \& co. editore}},
  file = {/home/jacopo/zotero/storage/V2NTQRG3/Romano_Introduzione_Astronomia.pdf},
  isbn = {88-7021-666-7},
  note = {Less mathy, but still clear.}
}

@article{schaeferEpochConstellationsFarnese2005,
  title = {The {{Epoch}} of the {{Constellations}} on the {{Farnese Atlas}} and {{Their Origin}} in {{Hipparchus}}'s {{Lost Catalogue}}},
  author = {Schaefer, B.},
  date = {2005},
  doi = {10.1177/002182860503600202},
  abstract = {1. BACKGROUND The Farnese Atlas is a Roman statue depicting the Titan Atlas holding up a celestial globe that displays an accurate representation of the ancient Greek constellations (see Figures 1 and 2). This is the oldest surviving depiction of this set of the original Western constellations, and as such can be a valuable resource for studying their early development. The globe places the celestial fi gures against a grid of circles (including the celestial equator, the tropics, the colures, the ecliptic, the Arctic Circle, and the Antarctic Circle) that allows for the accurate positioning of the constellations. The positions shift with time due to precession, so the observed positions on the Farnese Atlas correspond to some particular date. Also, the declination of the Arctic and Antarctic Circles will correspond to a particular latitude for the observer whose observations were adopted by the sculptor. Thus, a detailed analysis of the globe will reveal the latitude and epoch for the observations incorporated in the Atlas; and indeed these will specify enough information that we can identify the observer. Independently, a detailed comparison of the constellation symbols on the Atlas with those from the other surviving ancient material also uniquely points to the same origin for the fi gures. The Farnese Atlas 1 fi rst came to modern attention in the early sixteenth century when it became part of the collection of antiquities in the Farnese Palace in Rome, hence its name. The statue was later transferred to the museum in Naples now called the Museo Archeologico Nazionale di Napoli. It is carved in white marble and depicts the bearded Atlas crouched down on one knee with a cloak over his shoulder and holding the celestial globe on his shoulder with both hands. The globe is 65cm in diameter. Its top has a substantial hole knocked into it and this has obliterated the constellations of Ursa Major and Ursa Minor. A total of 41 constellations 2 are depicted, each drawn in positive relief as the classical fi gure, with no individual stars shown. Art historians conclude that the statue is a Roman copy from the second century A.D. of a Greek original dating to before the birth of Christ. 3 What is the date of the observations used for depicting the constellation positions on the Farnese Atlas? A very wide range of plausible answers is possible. First, the Roman sculptor could have updated the constellation positions with his own observations (or those of a contemporary), hence suggesting a date of c. 150 A.D. Second, the Roman sculptor could have used the latest star catalogue to place the constellations accurately onto the coordinate grid of the sky, and this would be from the Almagest of Ptolemy,},
  file = {/home/jacopo/zotero/storage/SSVZEUUF/Schaefer - 2005 - The Epoch of the Constellations on the Farnese Atl.pdf}
}

@book{siniFigureEnciclopediaFilosofica2005,
  title = {Figure dell'enciclopedia filosofica «Transito Verità»},
  author = {Sini, Carlo},
  date = {2005-01-01},
  publisher = {{Figure Dell'enciclopedia Filosofica «transito Verità»}},
  location = {{Milano}},
  isbn = {978-88-16-40675-9},
  langid = {italian}
}


