
@report{tissinoQuantumInformationNotes2019,
  title = {Quantum {{Information}} Notes},
  author = {Tissino, J.},
  date = {2019},
  url = {https://github.com/jacopok/handbooks/blob/master/undergrad/quantum_info.pdf},
  file = {/home/jacopo/zotero/storage/4P7LVG3H/Tissino - 2019 - Quantum Information notes.pdf},
  note = {Course held by Simone Montangero at the university of Padua}
}


