
@book{dauriaSpecialRelativityFeynman2011,
  title = {From {{Special Relativity}} to {{Feynman Diagrams}}},
  author = {D'Auria, R. and Trigiante, M.},
  date = {2011},
  publisher = {{Springer}}
}

@report{fagginAppuntiDiFisica2016,
  title = {Appunti Di {{Fisica Teorica}} - {{Modulo B}}},
  author = {Faggin, M.},
  date = {2016},
  file = {/home/jacopo/zotero/storage/7DCVMYFP/Faggin - 2016 - Appunti di Fisica Teorica - Modulo B.pdf}
}

@book{greinerFieldQuantization1996,
  title = {Field Quantization},
  author = {Greiner, W. and Reinhardt, J.},
  date = {1996},
  publisher = {{Springer}},
  file = {/home/jacopo/zotero/storage/SSUYWEYV/Greiner and Reinhardt - 1996 - Field quantization.pdf},
  isbn = {3-540-59179-6}
}

@book{greinerRelativisticQuantumMechanics1996,
  title = {Relativistic {{Quantum Mechanics}}},
  author = {Greiner, W.},
  date = {1996},
  publisher = {{Springer}},
  file = {/home/jacopo/zotero/storage/QWPHYYU6/Greiner - 1996 - Relativistic Quantum Mechanics.pdf}
}

@book{mandlQuantumFieldTheory2010,
  title = {Quantum {{Field Theory}}},
  author = {Mandl, F. and Shaw, G.},
  date = {2010},
  edition = {2},
  publisher = {{John Wiley and Sons}},
  file = {/home/jacopo/zotero/storage/G9AC8R4D/Mandl and Shaw - 2010 - Quantum Field Theory.pdf}
}


