
@article{adePlanck2015Results2016,
  title = {Planck 2015 Results - {{XIII}}. {{Cosmological}} Parameters},
  author = {Ade, P. a. R. and Aghanim, N. and Arnaud, M. and Ashdown, M. and Aumont, J. and Baccigalupi, C. and Banday, A. J. and Barreiro, R. B. and Bartlett, J. G. and Bartolo, N. and Battaner, E. and Battye, R. and Benabed, K. and Benoît, A. and Benoit-Lévy, A. and Bernard, J.-P. and Bersanelli, M. and Bielewicz, P. and Bock, J. J. and Bonaldi, A. and Bonavera, L. and Bond, J. R. and Borrill, J. and Bouchet, F. R. and Boulanger, F. and Bucher, M. and Burigana, C. and Butler, R. C. and Calabrese, E. and Cardoso, J.-F. and Catalano, A. and Challinor, A. and Chamballu, A. and Chary, R.-R. and Chiang, H. C. and Chluba, J. and Christensen, P. R. and Church, S. and Clements, D. L. and Colombi, S. and Colombo, L. P. L. and Combet, C. and Coulais, A. and Crill, B. P. and Curto, A. and Cuttaia, F. and Danese, L. and Davies, R. D. and Davis, R. J. and de Bernardis, P. and de Rosa, A. and de Zotti, G. and Delabrouille, J. and Désert, F.-X. and Valentino, E. Di and Dickinson, C. and Diego, J. M. and Dolag, K. and Dole, H. and Donzelli, S. and Doré, O. and Douspis, M. and Ducout, A. and Dunkley, J. and Dupac, X. and Efstathiou, G. and Elsner, F. and Enßlin, T. A. and Eriksen, H. K. and Farhang, M. and Fergusson, J. and Finelli, F. and Forni, O. and Frailis, M. and Fraisse, A. A. and Franceschi, E. and Frejsel, A. and Galeotta, S. and Galli, S. and Ganga, K. and Gauthier, C. and Gerbino, M. and Ghosh, T. and Giard, M. and Giraud-Héraud, Y. and Giusarma, E. and Gjerløw, E. and González-Nuevo, J. and Górski, K. M. and Gratton, S. and Gregorio, A. and Gruppuso, A. and Gudmundsson, J. E. and Hamann, J. and Hansen, F. K. and Hanson, D. and Harrison, D. L. and Helou, G. and Henrot-Versillé, S. and Hernández-Monteagudo, C. and Herranz, D. and Hildebrandt, S. R. and Hivon, E. and Hobson, M. and Holmes, W. A. and Hornstrup, A. and Hovest, W. and Huang, Z. and Huffenberger, K. M. and Hurier, G. and Jaffe, A. H. and Jaffe, T. R. and Jones, W. C. and Juvela, M. and Keihänen, E. and Keskitalo, R. and Kisner, T. S. and Kneissl, R. and Knoche, J. and Knox, L. and Kunz, M. and Kurki-Suonio, H. and Lagache, G. and Lähteenmäki, A. and Lamarre, J.-M. and Lasenby, A. and Lattanzi, M. and Lawrence, C. R. and Leahy, J. P. and Leonardi, R. and Lesgourgues, J. and Levrier, F. and Lewis, A. and Liguori, M. and Lilje, P. B. and Linden-Vørnle, M. and López-Caniego, M. and Lubin, P. M. and Macías-Pérez, J. F. and Maggio, G. and Maino, D. and Mandolesi, N. and Mangilli, A. and Marchini, A. and Maris, M. and Martin, P. G. and Martinelli, M. and Martínez-González, E. and Masi, S. and Matarrese, S. and McGehee, P. and Meinhold, P. R. and Melchiorri, A. and Melin, J.-B. and Mendes, L. and Mennella, A. and Migliaccio, M. and Millea, M. and Mitra, S. and Miville-Deschênes, M.-A. and Moneti, A. and Montier, L. and Morgante, G. and Mortlock, D. and Moss, A. and Munshi, D. and Murphy, J. A. and Naselsky, P. and Nati, F. and Natoli, P. and Netterfield, C. B. and Nørgaard-Nielsen, H. U. and Noviello, F. and Novikov, D. and Novikov, I. and Oxborrow, C. A. and Paci, F. and Pagano, L. and Pajot, F. and Paladini, R. and Paoletti, D. and Partridge, B. and Pasian, F. and Patanchon, G. and Pearson, T. J. and Perdereau, O. and Perotto, L. and Perrotta, F. and Pettorino, V. and Piacentini, F. and Piat, M. and Pierpaoli, E. and Pietrobon, D. and Plaszczynski, S. and Pointecouteau, E. and Polenta, G. and Popa, L. and Pratt, G. W. and Prézeau, G. and Prunet, S. and Puget, J.-L. and Rachen, J. P. and Reach, W. T. and Rebolo, R. and Reinecke, M. and Remazeilles, M. and Renault, C. and Renzi, A. and Ristorcelli, I. and Rocha, G. and Rosset, C. and Rossetti, M. and Roudier, G. and d’ Orfeuil, B. Rouillé and Rowan-Robinson, M. and Rubiño-Martín, J. A. and Rusholme, B. and Said, N. and Salvatelli, V. and Salvati, L. and Sandri, M. and Santos, D. and Savelainen, M. and Savini, G. and Scott, D. and Seiffert, M. D. and Serra, P. and Shellard, E. P. S. and Spencer, L. D. and Spinelli, M. and Stolyarov, V. and Stompor, R. and Sudiwala, R. and Sunyaev, R. and Sutton, D. and Suur-Uski, A.-S. and Sygnet, J.-F. and Tauber, J. A. and Terenzi, L. and Toffolatti, L. and Tomasi, M. and Tristram, M. and Trombetti, T. and Tucci, M. and Tuovinen, J. and Türler, M. and Umana, G. and Valenziano, L. and Valiviita, J. and Tent, F. Van and Vielva, P. and Villa, F. and Wade, L. A. and Wandelt, B. D. and Wehus, I. K. and White, M. and White, S. D. M. and Wilkinson, A. and Yvon, D. and Zacchei, A. and Zonca, A.},
  date = {2016-10-01},
  journaltitle = {Astronomy \& Astrophysics},
  shortjournal = {A\&A},
  volume = {594},
  pages = {A13},
  issn = {0004-6361, 1432-0746},
  doi = {10.1051/0004-6361/201525830},
  url = {https://www.aanda.org/articles/aa/abs/2016/10/aa25830-15/aa25830-15.html},
  urldate = {2020-03-03},
  abstract = {This paper presents cosmological results based on full-mission \emph{Planck\emph{ observations of temperature and polarization anisotropies of the cosmic microwave background (CMB) radiation. Our results are in very good agreement with the 2013 analysis of the \emph{Planck\emph{ nominal-mission temperature data, but with increased precision. The temperature and polarization power spectra are consistent with the standard spatially-flat 6-parameter ΛCDM cosmology with a power-law spectrum of adiabatic scalar perturbations (denoted “base ΛCDM” in this paper). From the \emph{Planck\emph{ temperature data combined with \emph{Planck\emph{ lensing, for this cosmology we find a Hubble constant, \emph{H\emph{\textsubscript{0\textsubscript{ = (67.8 ± 0.9) km s\textsuperscript{-1\textsuperscript{Mpc\textsuperscript{-1\textsuperscript{, a matter density parameter Ω\textsubscript{m\textsubscript{ = 0.308 ± 0.012, and a tilted scalar spectral index with \emph{n\emph{\textsubscript{s\textsubscript{ = 0.968 ± 0.006, consistent with the 2013 analysis. Note that in this abstract we quote 68\% confidence limits on measured parameters and 95\% upper limits on other parameters. We present the first results of polarization measurements with the Low Frequency Instrument at large angular scales. Combined with the \emph{Planck\emph{ temperature and lensing data, these measurements give a reionization optical depth of \emph{τ\emph{ = 0.066 ± 0.016, corresponding to a reionization redshift of . These results are consistent with those from WMAP polarization measurements cleaned for dust emission using 353-GHz polarization maps from the High Frequency Instrument. We find no evidence for any departure from base ΛCDM in the neutrino sector of the theory; for example, combining \emph{Planck\emph{ observations with other astrophysical data we find \emph{N\emph{\textsubscript{eff\textsubscript{ = 3.15 ± 0.23 for the effective number of relativistic degrees of freedom, consistent with the value \emph{N\emph{\textsubscript{eff\textsubscript{ = 3.046 of the Standard Model of particle physics. The sum of neutrino masses is constrained to ∑ \emph{m\emph{\textsubscript{\emph{ν\emph{\textsubscript{ {$<$} 0.23 eV. The spatial curvature of our Universe is found to be very close to zero, with | Ω\textsubscript{\emph{K\emph{\textsubscript{ | {$<$} 0.005. Adding a tensor component as a single-parameter extension to base ΛCDM we find an upper limit on the tensor-to-scalar ratio of \emph{r\emph{\textsubscript{0.002\textsubscript{{$<$} 0.11, consistent with the \emph{Planck\emph{ 2013 results and consistent with the \emph{B\emph{-mode polarization constraints from a joint analysis of BICEP2, Keck Array, and \emph{Planck\emph{ (BKP) data. Adding the BKP \emph{B\emph{-mode data to our analysis leads to a tighter constraint of \emph{r\emph{\textsubscript{0.002\textsubscript{ {$<$} 0.09 and disfavours inflationarymodels with a \emph{V\emph{(\emph{φ\emph{) ∝ \emph{φ\emph{\textsuperscript{2\textsuperscript{ potential. The addition of \emph{Planck\emph{ polarization data leads to strong constraints on deviations from a purely adiabatic spectrum of fluctuations. We find no evidence for any contribution from isocurvature perturbations or from cosmic defects. Combining \emph{Planck\emph{ data with other astrophysical data, including Type Ia supernovae, the equation of state of dark energy is constrained to \emph{w\emph{ = −1.006 ± 0.045, consistent with the expected value for a cosmological constant. The standard big bang nucleosynthesis predictions for the helium and deuterium abundances for the best-fit \emph{Planck\emph{ base ΛCDM cosmology are in excellent agreement with observations. We also constraints on annihilating dark matter and on possible deviations from the standard recombination history. In neither case do we find no evidence for new physics. The \emph{Planck\emph{ results for base ΛCDM are in good agreement with baryon acoustic oscillation data and with the JLA sample of Type Ia supernovae. However, as in the 2013 analysis, the amplitude of the fluctuation spectrum is found to be higher than inferred from some analyses of rich cluster counts and weak gravitational lensing. We show that these tensions cannot easily be resolved with simple modifications of the base ΛCDM cosmology. Apart from these tensions, the base ΛCDM cosmology provides an excellent description of the \emph{Planck\emph{ CMB observations and many other astrophysical data sets.}}}}}}}}}}}}}}}}}}}}}}}}}}}}}}}}}}}}}}}}}}}}}}}}}}}}}}}}}}}}}}}}}}}}}}}}}}}}}}}}}}},
  file = {/home/jacopo/snap/zotero-snap/10/Zotero/storage/MD8C7NSF/Ade et al. - 2016 - Planck 2015 results - XIII. Cosmological parameter.pdf;/home/jacopo/snap/zotero-snap/10/Zotero/storage/B2C3HM4H/Ade et al. - 2016 - Planck 2015 results - XIII. Cosmological parameter.html},
  langid = {english},
  options = {useprefix=true}
}

@article{bekensteinDoesMissingMass1984,
  title = {Does the Missing Mass Problem Signal the Breakdown of {{Newtonian}} Gravity?},
  author = {Bekenstein, J. and Milgrom, M.},
  date = {1984-11-01},
  journaltitle = {The Astrophysical Journal},
  shortjournal = {The Astrophysical Journal},
  volume = {286},
  pages = {7--14},
  issn = {0004-637X},
  doi = {10.1086/162570},
  url = {http://adsabs.harvard.edu/abs/1984ApJ...286....7B},
  urldate = {2020-03-03},
  abstract = {A nonrelativistic potential theory for gravity is considered which differs from the Newtonian theory. The theory is built on the basic assumptions of the modified dynamics, which were shown earlier to reproduce dynamical properties of galaxies and galaxy aggregates without having to assume the existence of hidden mass. The theory involves a modification of the Poisson equation and can be derived from a
Lagrangian. The total momentum, angular momentum, and (properly defined) energy of an isolated system are conserved. The center-of-mass
acceleration of an arbitrary bound system in a constant external gravitational field is independent of any property of the system. In other words, all isolated objects fall in exactly the same way in a constant external gravitational field (the weak equivalence principle is satisfied). However, the internal dynamics of a system in a constant external field is different from that of the same system in the absence of the external field, in violation of the strong principle of
equivalence. These two results are consistent with the phenomenological requirements of the modified dynamics. A toy relativistic theory is sketched which has a nonrelativistic limit satisfying the requirements of the modified dynamics.},
  file = {/home/jacopo/snap/zotero-snap/10/Zotero/storage/LP4KNZV2/Bekenstein and Milgrom - 1984 - Does the missing mass problem signal the breakdown.pdf},
  keywords = {Computational Astrophysics,Cosmology,Equivalence,Galactic Rotation,Gravitation Theory,Mass Distribution,Missing Mass (Astrophysics),Newton Theory,Nonrelativistic Mechanics,Poisson Equation,Potential Theory}
}

@book{colespCosmology2002,
  title = {Cosmology},
  author = {Coles, P and Lucchin, F.},
  date = {2002},
  edition = {2},
  publisher = {{Wiley}},
  file = {/home/jacopo/snap/zotero-snap/10/Zotero/storage/79DE2MKE/_.pdf}
}

@article{fixsenTEMPERATURECOSMICMICROWAVE2009,
  title = {{{THE TEMPERATURE OF THE COSMIC MICROWAVE BACKGROUND}}},
  author = {Fixsen, D. J.},
  date = {2009-11},
  journaltitle = {The Astrophysical Journal},
  shortjournal = {ApJ},
  volume = {707},
  pages = {916--920},
  issn = {0004-637X},
  doi = {10.1088/0004-637X/707/2/916},
  url = {https://doi.org/10.1088%2F0004-637x%2F707%2F2%2F916},
  urldate = {2020-03-03},
  abstract = {The Far InfraRed Absolute Spectrophotometer data are independently recalibrated using the Wilkinson Microwave Anisotropy Probe data to obtain a cosmic microwave background (CMB) temperature of 2.7260 ± 0.0013. Measurements of the temperature of the CMB are reviewed. The determination from the measurements from the literature is CMB temperature of 2.72548 ± 0.00057 K.},
  file = {/home/jacopo/snap/zotero-snap/10/Zotero/storage/PANIGUEG/Fixsen - 2009 - THE TEMPERATURE OF THE COSMIC MICROWAVE BACKGROUND.pdf},
  langid = {english},
  number = {2}
}

@article{hubbleedwinRelationDistanceRadial1929,
  title = {A {{Relation Between Distance And Radial Velocity Among Extra}}-{{Galactic Nebulae}}},
  author = {Hubble, Edwin},
  date = {1929},
  url = {https://www.pnas.org/content/pnas/15/3/168.full.pdf},
  urldate = {2020-03-03},
  file = {/home/jacopo/snap/zotero-snap/10/Zotero/storage/N36KWTHM/A RELATION BETWEEN DISTANCE AND RADIAL VELOCITY AMONG EXTRA-GALACTIC NEBULAE.pdf}
}

@online{paccianiAppuntiCorsoPhysical2018,
  title = {Appunti Del Corso {{The Physical Universe}}},
  author = {Pacciani, L.},
  date = {2018},
  journaltitle = {Leonardo Pacciani-Mori},
  url = {https://leonardo.pm/teaching/},
  urldate = {2020-03-03},
  file = {/home/jacopo/snap/zotero-snap/10/Zotero/storage/QGY4SVYF/Pacciani - 2018 - Appunti del corso The Physical Universe.pdf;/home/jacopo/snap/zotero-snap/10/Zotero/storage/SNDGIWTJ/teaching.html},
  langid = {english}
}

@article{planckcollaborationPlanck2018Results2019,
  title = {Planck 2018 Results. {{I}}. {{Overview}} and the Cosmological Legacy of {{Planck}}},
  author = {{Planck Collaboration} and Akrami, Y. and Arroja, F. and Ashdown, M. and Aumont, J. and Baccigalupi, C. and Ballardini, M. and Banday, A. J. and Barreiro, R. B. and Bartolo, N. and Basak, S. and Battye, R. and Benabed, K. and Bernard, J.-P. and Bersanelli, M. and Bielewicz, P. and Bock, J. J. and Bond, J. R. and Borrill, J. and Bouchet, F. R. and Boulanger, F. and Bucher, M. and Burigana, C. and Butler, R. C. and Calabrese, E. and Cardoso, J.-F. and Carron, J. and Casaponsa, B. and Challinor, A. and Chiang, H. C. and Colombo, L. P. L. and Combet, C. and Contreras, D. and Crill, B. P. and Cuttaia, F. and de Bernardis, P. and de Zotti, G. and Delabrouille, J. and Delouis, J.-M. and Désert, F.-X. and Di Valentino, E. and Dickinson, C. and Diego, J. M. and Donzelli, S. and Doré, O. and Douspis, M. and Ducout, A. and Dupac, X. and Efstathiou, G. and Elsner, F. and Enßlin, T. A. and Eriksen, H. K. and Falgarone, E. and Fantaye, Y. and Fergusson, J. and Fernandez-Cobos, R. and Finelli, F. and Forastieri, F. and Frailis, M. and Franceschi, E. and Frolov, A. and Galeotta, S. and Galli, S. and Ganga, K. and Génova-Santos, R. T. and Gerbino, M. and Ghosh, T. and González-Nuevo, J. and Górski, K. M. and Gratton, S. and Gruppuso, A. and Gudmundsson, J. E. and Hamann, J. and Handley, W. and Hansen, F. K. and Helou, G. and Herranz, D. and Hivon, E. and Huang, Z. and Jaffe, A. H. and Jones, W. C. and Karakci, A. and Keihänen, E. and Keskitalo, R. and Kiiveri, K. and Kim, J. and Kisner, T. S. and Knox, L. and Krachmalnicoff, N. and Kunz, M. and Kurki-Suonio, H. and Lagache, G. and Lamarre, J.-M. and Langer, M. and Lasenby, A. and Lattanzi, M. and Lawrence, C. R. and Jeune, M. Le and Leahy, J. P. and Lesgourgues, J. and Levrier, F. and Lewis, A. and Liguori, M. and Lilje, P. B. and Lilley, M. and Lindholm, V. and López-Caniego, M. and Lubin, P. M. and Ma, Y.-Z. and Macías-Pérez, J. F. and Maggio, G. and Maino, D. and Mandolesi, N. and Mangilli, A. and Marcos-Caballero, A. and Maris, M. and Martin, P. G. and Martínez-González, E. and Matarrese, S. and Mauri, N. and McEwen, J. D. and Meerburg, P. D. and Meinhold, P. R. and Melchiorri, A. and Mennella, A. and Migliaccio, M. and Millea, M. and Mitra, S. and Miville-Deschênes, M.-A. and Molinari, D. and Moneti, A. and Montier, L. and Morgante, G. and Moss, A. and Mottet, S. and Münchmeyer, M. and Natoli, P. and Nørgaard-Nielsen, H. U. and Oxborrow, C. A. and Pagano, L. and Paoletti, D. and Partridge, B. and Patanchon, G. and Pearson, T. J. and Peel, M. and Peiris, H. V. and Perrotta, F. and Pettorino, V. and Piacentini, F. and Polastri, L. and Polenta, G. and Puget, J.-L. and Rachen, J. P. and Reinecke, M. and Remazeilles, M. and Renzi, A. and Rocha, G. and Rosset, C. and Roudier, G. and Rubiño-Martín, J. A. and Ruiz-Granados, B. and Salvati, L. and Sandri, M. and Savelainen, M. and Scott, D. and Shellard, E. P. S. and Shiraishi, M. and Sirignano, C. and Sirri, G. and Spencer, L. D. and Sunyaev, R. and Suur-Uski, A.-S. and Tauber, J. A. and Tavagnacco, D. and Tenti, M. and Terenzi, L. and Toffolatti, L. and Tomasi, M. and Trombetti, T. and Valiviita, J. and Van Tent, B. and Vibert, L. and Vielva, P. and Villa, F. and Vittorio, N. and Wandelt, B. D. and Wehus, I. K. and White, M. and White, S. D. M. and Zacchei, A. and Zonca, A.},
  date = {2019-12-03},
  url = {http://arxiv.org/abs/1807.06205},
  urldate = {2020-03-03},
  abstract = {The European Space Agency's Planck satellite, which was dedicated to studying the early Universe and its subsequent evolution, was launched on 14 May 2009. It scanned the microwave and submillimetre sky continuously between 12 August 2009 and 23 October 2013, producing deep, high-resolution, all-sky maps in nine frequency bands from 30 to 857GHz. This paper presents the cosmological legacy of Planck, which currently provides our strongest constraints on the parameters of the standard cosmological model and some of the tightest limits available on deviations from that model. The 6-parameter LCDM model continues to provide an excellent fit to the cosmic microwave background data at high and low redshift, describing the cosmological information in over a billion map pixels with just six parameters. With 18 peaks in the temperature and polarization angular power spectra constrained well, Planck measures five of the six parameters to better than 1\% (simultaneously), with the best-determined parameter (theta\_*) now known to 0.03\%. We describe the multi-component sky as seen by Planck, the success of the LCDM model, and the connection to lower-redshift probes of structure formation. We also give a comprehensive summary of the major changes introduced in this 2018 release. The Planck data, alone and in combination with other probes, provide stringent constraints on our models of the early Universe and the large-scale structure within which all astrophysical objects form and evolve. We discuss some lessons learned from the Planck mission, and highlight areas ripe for further experimental advances.},
  archivePrefix = {arXiv},
  eprint = {1807.06205},
  eprinttype = {arxiv},
  file = {/home/jacopo/snap/zotero-snap/10/Zotero/storage/6HN457HE/Planck Collaboration et al. - 2019 - Planck 2018 results. I. Overview and the cosmologi.pdf},
  keywords = {Astrophysics - Cosmology and Nongalactic Astrophysics},
  options = {useprefix=true},
  primaryClass = {astro-ph}
}

@article{planckcollaborationPlanck2018Results2019a,
  title = {Planck 2018 Results. {{VI}}. {{Cosmological}} Parameters},
  author = {Planck Collaboration and Aghanim, N. and Akrami, Y. and Ashdown, M. and Aumont, J. and Baccigalupi, C. and Ballardini, M. and Banday, A. J. and Barreiro, R. B. and Bartolo, N. and Basak, S. and Battye, R. and Benabed, K. and Bernard, J.-P. and Bersanelli, M. and Bielewicz, P. and Bock, J. J. and Bond, J. R. and Borrill, J. and Bouchet, F. R. and Boulanger, F. and Bucher, M. and Burigana, C. and Butler, R. C. and Calabrese, E. and Cardoso, J.-F. and Carron, J. and Challinor, A. and Chiang, H. C. and Chluba, J. and Colombo, L. P. L. and Combet, C. and Contreras, D. and Crill, B. P. and Cuttaia, F. and de Bernardis, P. and de Zotti, G. and Delabrouille, J. and Delouis, J.-M. and Di Valentino, E. and Diego, J. M. and Doré, O. and Douspis, M. and Ducout, A. and Dupac, X. and Dusini, S. and Efstathiou, G. and Elsner, F. and Enßlin, T. A. and Eriksen, H. K. and Fantaye, Y. and Farhang, M. and Fergusson, J. and Fernandez-Cobos, R. and Finelli, F. and Forastieri, F. and Frailis, M. and Fraisse, A. A. and Franceschi, E. and Frolov, A. and Galeotta, S. and Galli, S. and Ganga, K. and Génova-Santos, R. T. and Gerbino, M. and Ghosh, T. and González-Nuevo, J. and Górski, K. M. and Gratton, S. and Gruppuso, A. and Gudmundsson, J. E. and Hamann, J. and Handley, W. and Hansen, F. K. and Herranz, D. and Hildebrandt, S. R. and Hivon, E. and Huang, Z. and Jaffe, A. H. and Jones, W. C. and Karakci, A. and Keihänen, E. and Keskitalo, R. and Kiiveri, K. and Kim, J. and Kisner, T. S. and Knox, L. and Krachmalnicoff, N. and Kunz, M. and Kurki-Suonio, H. and Lagache, G. and Lamarre, J.-M. and Lasenby, A. and Lattanzi, M. and Lawrence, C. R. and Jeune, M. Le and Lemos, P. and Lesgourgues, J. and Levrier, F. and Lewis, A. and Liguori, M. and Lilje, P. B. and Lilley, M. and Lindholm, V. and López-Caniego, M. and Lubin, P. M. and Ma, Y.-Z. and Macías-Pérez, J. F. and Maggio, G. and Maino, D. and Mandolesi, N. and Mangilli, A. and Marcos-Caballero, A. and Maris, M. and Martin, P. G. and Martinelli, M. and Martínez-González, E. and Matarrese, S. and Mauri, N. and McEwen, J. D. and Meinhold, P. R. and Melchiorri, A. and Mennella, A. and Migliaccio, M. and Millea, M. and Mitra, S. and Miville-Deschênes, M.-A. and Molinari, D. and Montier, L. and Morgante, G. and Moss, A. and Natoli, P. and Nørgaard-Nielsen, H. U. and Pagano, L. and Paoletti, D. and Partridge, B. and Patanchon, G. and Peiris, H. V. and Perrotta, F. and Pettorino, V. and Piacentini, F. and Polastri, L. and Polenta, G. and Puget, J.-L. and Rachen, J. P. and Reinecke, M. and Remazeilles, M. and Renzi, A. and Rocha, G. and Rosset, C. and Roudier, G. and Rubiño-Martín, J. A. and Ruiz-Granados, B. and Salvati, L. and Sandri, M. and Savelainen, M. and Scott, D. and Shellard, E. P. S. and Sirignano, C. and Sirri, G. and Spencer, L. D. and Sunyaev, R. and Suur-Uski, A.-S. and Tauber, J. A. and Tavagnacco, D. and Tenti, M. and Toffolatti, L. and Tomasi, M. and Trombetti, T. and Valenziano, L. and Valiviita, J. and Van Tent, B. and Vibert, L. and Vielva, P. and Villa, F. and Vittorio, N. and Wandelt, B. D. and Wehus, I. K. and White, M. and White, S. D. M. and Zacchei, A. and Zonca, A.},
  date = {2019-09-20},
  url = {http://arxiv.org/abs/1807.06209},
  urldate = {2020-03-03},
  abstract = {We present cosmological parameter results from the final full-mission Planck measurements of the CMB anisotropies. We find good consistency with the standard spatially-flat 6-parameter \$\textbackslash{}Lambda\$CDM cosmology having a power-law spectrum of adiabatic scalar perturbations (denoted "base \$\textbackslash{}Lambda\$CDM" in this paper), from polarization, temperature, and lensing, separately and in combination. A combined analysis gives dark matter density \$\textbackslash{}Omega\_c h\^2 = 0.120\textbackslash{}pm 0.001\$, baryon density \$\textbackslash{}Omega\_b h\^2 = 0.0224\textbackslash{}pm 0.0001\$, scalar spectral index \$n\_s = 0.965\textbackslash{}pm 0.004\$, and optical depth \$\textbackslash{}tau = 0.054\textbackslash{}pm 0.007\$ (in this abstract we quote \$68\textbackslash,\textbackslash\%\$ confidence regions on measured parameters and \$95\textbackslash,\textbackslash\%\$ on upper limits). The angular acoustic scale is measured to \$0.03\textbackslash,\textbackslash\%\$ precision, with \$100\textbackslash{}theta\_*=1.0411\textbackslash{}pm 0.0003\$. These results are only weakly dependent on the cosmological model and remain stable, with somewhat increased errors, in many commonly considered extensions. Assuming the base-\$\textbackslash{}Lambda\$CDM cosmology, the inferred late-Universe parameters are: Hubble constant \$H\_0 = (67.4\textbackslash{}pm 0.5)\$km/s/Mpc; matter density parameter \$\textbackslash{}Omega\_m = 0.315\textbackslash{}pm 0.007\$; and matter fluctuation amplitude \$\textbackslash{}sigma\_8 = 0.811\textbackslash{}pm 0.006\$. We find no compelling evidence for extensions to the base-\$\textbackslash{}Lambda\$CDM model. Combining with BAO we constrain the effective extra relativistic degrees of freedom to be \$N\_\{\textbackslash{}rm eff\} = 2.99\textbackslash{}pm 0.17\$, and the neutrino mass is tightly constrained to \$\textbackslash{}sum m\_\textbackslash{}nu{$<$} 0.12\$eV. The CMB spectra continue to prefer higher lensing amplitudes than predicted in base -\$\textbackslash{}Lambda\$CDM at over \$2\textbackslash,\textbackslash{}sigma\$, which pulls some parameters that affect the lensing amplitude away from the base-\$\textbackslash{}Lambda\$CDM model; however, this is not supported by the lensing reconstruction or (in models that also change the background geometry) BAO data. (Abridged)},
  archivePrefix = {arXiv},
  eprint = {1807.06209},
  eprinttype = {arxiv},
  file = {/home/jacopo/snap/zotero-snap/10/Zotero/storage/UN9YH5SZ/Planck Collaboration et al. - 2019 - Planck 2018 results. VI. Cosmological parameters.pdf;/home/jacopo/snap/zotero-snap/10/Zotero/storage/8W8SEBAW/1807.html},
  keywords = {Astrophysics - Cosmology and Nongalactic Astrophysics},
  options = {useprefix=true},
  primaryClass = {astro-ph}
}

@article{wongH0LiCOWXIIIMeasurement2019,
  ids = {wongH0LiCOWXIIIMeasurement2019a},
  title = {{{H0LiCOW XIII}}. {{A}} 2.4\% Measurement of \${{H}}\_\{0\}\$ from Lensed Quasars: \$5.3\textbackslash{}sigma\$ Tension between Early and Late-{{Universe}} Probes},
  shorttitle = {{{H0LiCOW XIII}}. {{A}} 2.4\% Measurement of \${{H}}\_\{0\}\$ from Lensed Quasars},
  author = {Wong, Kenneth C. and Suyu, Sherry H. and Chen, Geoff C.-F. and Rusu, Cristian E. and Millon, Martin and Sluse, Dominique and Bonvin, Vivien and Fassnacht, Christopher D. and Taubenberger, Stefan and Auger, Matthew W. and Birrer, Simon and Chan, James H. H. and Courbin, Frederic and Hilbert, Stefan and Tihhonova, Olga and Treu, Tommaso and Agnello, Adriano and Ding, Xuheng and Jee, Inh and Komatsu, Eiichiro and Shajib, Anowar J. and Sonnenfeld, Alessandro and Blandford, Roger D. and Koopmans, Leon V. E. and Marshall, Philip J. and Meylan, Georges},
  date = {2019-11-05},
  url = {http://arxiv.org/abs/1907.04869},
  urldate = {2020-03-03},
  abstract = {We present a measurement of the Hubble constant (\$H\_\{0\}\$) and other cosmological parameters from a joint analysis of six gravitationally lensed quasars with measured time delays. All lenses except the first are analyzed blindly with respect to the cosmological parameters. In a flat \$\textbackslash{}Lambda\$CDM cosmology, we find \$H\_\{0\} = 73.3\_\{-1.8\}\^\{+1.7\}\$, a 2.4\% precision measurement, in agreement with local measurements of \$H\_\{0\}\$ from type Ia supernovae calibrated by the distance ladder, but in \$3.1\textbackslash{}sigma\$ tension with \$Planck\$ observations of the cosmic microwave background (CMB). This method is completely independent of both the supernovae and CMB analyses. A combination of time-delay cosmography and the distance ladder results is in \$5.3\textbackslash{}sigma\$ tension with \$Planck\$ CMB determinations of \$H\_\{0\}\$ in flat \$\textbackslash{}Lambda\$CDM. We compute Bayes factors to verify that all lenses give statistically consistent results, showing that we are not underestimating our uncertainties and are able to control our systematics. We explore extensions to flat \$\textbackslash{}Lambda\$CDM using constraints from time-delay cosmography alone, as well as combinations with other cosmological probes, including CMB observations from \$Planck\$, baryon acoustic oscillations, and type Ia supernovae. Time-delay cosmography improves the precision of the other probes, demonstrating the strong complementarity. Allowing for spatial curvature does not resolve the tension with \$Planck\$. Using the distance constraints from time-delay cosmography to anchor the type Ia supernova distance scale, we reduce the sensitivity of our \$H\_0\$ inference to cosmological model assumptions. For six different cosmological models, our combined inference on \$H\_\{0\}\$ ranges from \$\textbackslash{}sim73\$-\$78\textasciitilde\textbackslash{}mathrm\{km\textasciitilde{}s\^\{-1\}\textasciitilde{}Mpc\^\{-1\}\}\$, which is consistent with the local distance ladder constraints.},
  archivePrefix = {arXiv},
  eprint = {1907.04869},
  eprinttype = {arxiv},
  file = {/home/jacopo/snap/zotero-snap/10/Zotero/storage/Y69KIFGD/Wong et al. - 2019 - H0LiCOW XIII. A 2.4% measurement of $H_ 0 $ from l.pdf;/home/jacopo/snap/zotero-snap/10/Zotero/storage/ZJAHHMQY/1907.html},
  keywords = {Astrophysics - Astrophysics of Galaxies,Astrophysics - Cosmology and Nongalactic Astrophysics},
  primaryClass = {astro-ph}
}

@article{wrightTheoreticalOverviewCosmic2003,
  title = {Theoretical {{Overview}} of {{Cosmic Microwave Background Anisotropy}}},
  author = {Wright, E. L.},
  date = {2003-05-29},
  url = {http://arxiv.org/abs/astro-ph/0305591},
  urldate = {2020-03-03},
  abstract = {The theoretical basis for the prediction of anisotropies in the cosmic microwave background is very well developed. Very low amplitude density and temperature perturbations produce small gravitational effects, leading to an anisotropy that is a combination of temperature fluctuations at the surface of last scattering and gravitational redshifts both at last scattering and along the path to the observer. All of the primary anisotropy can be handled by linear perturbation theory, which allows a very accurate calculation of the predicted anisotropy from different models of the Universe.},
  archivePrefix = {arXiv},
  eprint = {astro-ph/0305591},
  eprinttype = {arxiv},
  file = {/home/jacopo/snap/zotero-snap/10/Zotero/storage/LMXZAFJM/Wright - 2003 - Theoretical Overview of Cosmic Microwave Backgroun.pdf;/home/jacopo/snap/zotero-snap/10/Zotero/storage/HS8WZJZG/0305591.html},
  keywords = {Astrophysics}
}

@article{yadavFractalDimensionMeasure2010,
  title = {Fractal Dimension as a Measure of the Scale of Homogeneity},
  author = {Yadav, Jaswant K. and Bagla, J. S. and Khandai, Nishikanta},
  date = {2010-07-01},
  journaltitle = {Monthly Notices of the Royal Astronomical Society},
  shortjournal = {Mon Not R Astron Soc},
  volume = {405},
  pages = {2009--2015},
  issn = {0035-8711},
  doi = {10.1111/j.1365-2966.2010.16612.x},
  url = {https://academic.oup.com/mnras/article/405/3/2009/967466},
  urldate = {2020-03-03},
  abstract = {Abstract.  In the multifractal analysis of the large-scale matter distribution, the scale of the transition to homogeneity is defined as the scale above which t},
  file = {/home/jacopo/snap/zotero-snap/10/Zotero/storage/KCKG52M6/Yadav et al. - 2010 - Fractal dimension as a measure of the scale of hom.pdf;/home/jacopo/snap/zotero-snap/10/Zotero/storage/YQWRULIC/967466.html},
  langid = {english},
  number = {3}
}

@preamble{ "\ifdefined\DeclarePrefChars\DeclarePrefChars{'’-}\else\fi " }

