@report{Pacciani:2018,
  title={Appunti del corso The Physical Universe},
  author={{Pacciani}, L.},
  year={2018},
}

@book{LucchinColes:2002,
  title={Cosmology},
  author={{Lucchin}, F., {Coles}, P.},
  edition={2},
  publisher={Wiley},
  year={2002},
}
