
@book{deangelisIntroductionParticleAstroparticle2018,
  title = {Introduction to Particle and Astroparticle Physics: Multimessenger Astronomy and Its Particle Physics Foundations},
  author = {De Angelis, A. and Martins, M. J.},
  date = {2018},
  publisher = {{Springer}}
}

@article{icecubecollaborationMeasurementMultiTeVNeutrino2017,
  title = {Measurement of the Multi-{{TeV}} Neutrino Cross Section with {{IceCube}} Using {{Earth}} Absorption},
  author = {IceCube Collaboration and Aartsen, M. G. and Ackermann, M. and Adams, J. and Aguilar, J. A. and Ahlers, M. and Ahrens, M. and Samarai, I. Al and Altmann, D. and Andeen, K. and Anderson, T. and Ansseau, I. and Anton, G. and Argüelles, C. and Auffenberg, J. and Axani, S. and Bagherpour, H. and Bai, X. and Barron, J. P. and Barwick, S. W. and Baum, V. and Bay, R. and Beatty, J. J. and Tjus, J. Becker and Becker, K.-H. and BenZvi, S. and Berley, D. and Bernardini, E. and Besson, D. Z. and Binder, G. and Bindig, D. and Blaufuss, E. and Blot, S. and Bohm, C. and Börner, M. and Bos, F. and Bose, D. and Böser, S. and Botner, O. and Bourbeau, J. and Bradascio, F. and Braun, J. and Brayeur, L. and Brenzke, M. and Bretz, H.-P. and Bron, S. and Brostean-Kaiser, J. and Burgman, A. and Carver, T. and Casey, J. and Casier, M. and Cheung, E. and Chirkin, D. and Christov, A. and Clark, K. and Classen, L. and Coenders, S. and Collin, G. H. and Conrad, J. M. and Cowen, D. F. and Cross, R. and Day, M. and de André, J. P. A. M. and De Clercq, C. and DeLaunay, J. J. and Dembinski, H. and De Ridder, S. and Desiati, P. and de Vries, K. D. and de Wasseige, G. and de With, M. and DeYoung, T. and Díaz-Vélez, J. C. and di Lorenzo, V. and Dujmovic, H. and Dumm, J. P. and Dunkman, M. and Eberhardt, B. and Ehrhardt, T. and Eichmann, B. and Eller, P. and Evenson, P. A. and Fahey, S. and Fazely, A. R. and Felde, J. and Filimonov, K. and Finley, C. and Flis, S. and Franckowiak, A. and Friedman, E. and Fuchs, T. and Gaisser, T. K. and Gallagher, J. and Gerhardt, L. and Ghorbani, K. and Giang, W. and Glauch, T. and Glüsenkamp, T. and Goldschmidt, A. and Gonzalez, J. G. and Grant, D. and Griffith, Z. and Haack, C. and Hallgren, A. and Halzen, F. and Hanson, K. and Hebecker, D. and Heereman, D. and Helbing, K. and Hellauer, R. and Hickford, S. and Hignight, J. and Hill, G. C. and Hoffman, K. D. and Hoffmann, R. and Hokanson-Fasig, B. and Hoshina, K. and Huang, F. and Huber, M. and Hultqvist, K. and Hünnefeld, M. and In, S. and Ishihara, A. and Jacobi, E. and Japaridze, G. S. and Jeong, M. and Jero, K. and Jones, B. J. P. and Kalaczynski, P. and Kang, W. and Kappes, A. and Karg, T. and Karle, A. and Katz, U. and Kauer, M. and Keivani, A. and Kelley, J. L. and Kheirandish, A. and Kim, J. and Kim, M. and Kintscher, T. and Kiryluk, J. and Kittler, T. and Klein, S. R. and Kohnen, G. and Koirala, R. and Kolanoski, H. and Köpke, L. and Kopper, C. and Kopper, S. and Koschinsky, J. P. and Koskinen, D. J. and Kowalski, M. and Krings, K. and Kroll, M. and Krückl, G. and Kunnen, J. and Kunwar, S. and Kurahashi, N. and Kuwabara, T. and Kyriacou, A. and Labare, M. and Lanfranchi, J. L. and Larson, M. J. and Lauber, F. and Lennarz, D. and Lesiak-Bzdak, M. and Leuermann, M. and Liu, Q. R. and Lu, L. and Lünemann, J. and Luszczak, W. and Madsen, J. and Maggi, G. and Mahn, K. B. M. and Mancina, S. and Maruyama, R. and Mase, K. and Maunu, R. and McNally, F. and Meagher, K. and Medici, M. and Meier, M. and Menne, T. and Merino, G. and Meures, T. and Miarecki, S. and Micallef, J. and Momenté, G. and Montaruli, T. and Moore, R. W. and Moulai, M. and Nahnhauer, R. and Nakarmi, P. and Naumann, U. and Neer, G. and Niederhausen, H. and Nowicki, S. C. and Nygren, D. R. and Pollmann, A. Obertacke and Olivas, A. and O'Murchadha, A. and Palczewski, T. and Pandya, H. and Pankova, D. V. and Peiffer, P. and Pepper, J. A. and de los Heros, C. Pérez and Pieloth, D. and Pinat, E. and Plum, M. and Price, P. B. and Przybylski, G. T. and Raab, C. and Rädel, L. and Rameez, M. and Rawlins, K. and Rea, I. C. and Reimann, R. and Relethford, B. and Relich, M. and Resconi, E. and Rhode, W. and Richman, M. and Robertson, S. and Rongen, M. and Rott, C. and Ruhe, T. and Ryckbosch, D. and Rysewyk, D. and Sälzer, T. and Herrera, S. E. Sanchez and Sandrock, A. and Sandroos, J. and Sarkar, S. and Sarkar, S. and Satalecka, K. and Schlunder, P. and Schmidt, T. and Schneider, A. and Schoenen, S. and Schöneberg, S. and Schumacher, L. and Seckel, D. and Seunarine, S. and Soedingrekso, J. and Soldin, D. and Song, M. and Spiczak, G. M. and Spiering, C. and Stachurska, J. and Stamatikos, M. and Stanev, T. and Stasik, A. and Stettner, J. and Steuer, A. and Stezelberger, T. and Stokstad, R. G. and Stößl, A. and Strotjohann, N. L. and Sullivan, G. W. and Sutherland, M. and Taboada, I. and Tatar, J. and Tenholt, F. and Ter-Antonyan, S. and Terliuk, A. and Tešić, G. and Tilav, S. and Toale, P. A. and Tobin, M. N. and Toscano, S. and Tosi, D. and Tselengidou, M. and Tung, C. F. and Turcati, A. and Turley, C. F. and Ty, B. and Unger, E. and Usner, M. and Vandenbroucke, J. and Van Driessche, W. and van Eijndhoven, N. and Vanheule, S. and van Santen, J. and Vehring, M. and Vogel, E. and Vraeghe, M. and Walck, C. and Wallace, A. and Wallraff, M. and Wandler, F. D. and Wandkowsky, N. and Waza, A. and Weaver, C. and Weiss, M. J. and Wendt, C. and Werthebach, J. and Westerhoff, S. and Whelan, B. J. and Wiebe, K. and Wiebusch, C. H. and Wille, L. and Williams, D. R. and Wills, L. and Wolf, M. and Wood, J. and Wood, T. R. and Woolsey, E. and Woschnagg, K. and Xu, D. L. and Xu, X. W. and Xu, Y. and Yanez, J. P. and Yodh, G. and Yoshida, S. and Yuan, T. and Zoll, M.},
  date = {2017-11},
  journaltitle = {Nature},
  shortjournal = {Nature},
  volume = {551},
  pages = {596--600},
  issn = {0028-0836, 1476-4687},
  doi = {10.1038/nature24459},
  url = {http://arxiv.org/abs/1711.08119},
  urldate = {2020-03-17},
  abstract = {Neutrinos interact only very weakly, so they are extremely penetrating. However, the theoretical neutrino-nucleon interaction cross section rises with energy such that, at energies above 40 TeV, neutrinos are expected to be absorbed as they pass through the Earth. Experimentally, the cross section has been measured only at the relatively low energies (below 400 GeV) available at neutrino beams from accelerators \textbackslash cite\{Agashe:2014kda, Formaggio:2013kya\}. Here we report the first measurement of neutrino absorption in the Earth, using a sample of 10,784 energetic upward-going neutrino-induced muons observed with the IceCube Neutrino Observatory. The flux of high-energy neutrinos transiting long paths through the Earth is attenuated compared to a reference sample that follows shorter trajectories through the Earth. Using a fit to the two-dimensional distribution of muon energy and zenith angle, we determine the cross section for neutrino energies between 6.3 TeV and 980 TeV, more than an order of magnitude higher in energy than previous measurements. The measured cross section is \$1.30\^\{+0.21\}\_\{-0.19\}\$ (stat.) \$\^\{+0.39\}\_\{-0.43\}\$ (syst.) times the prediction of the Standard Model \textbackslash cite\{CooperSarkar:2011pa\}, consistent with the expectation for charged and neutral current interactions. We do not observe a dramatic increase in the cross section, expected in some speculative models, including those invoking new compact dimensions \textbackslash cite\{AlvarezMuniz:2002ga\} or the production of leptoquarks \textbackslash cite\{Romero:2009vu\}.},
  annotation = {Comment: Preprint version of Nature paper 10.1038/nature24459},
  archivePrefix = {arXiv},
  eprint = {1711.08119},
  eprinttype = {arxiv},
  file = {/home/jacopo/zotero/storage/PPR8Q8LF/IceCube Collaboration et al. - 2017 - Measurement of the multi-TeV neutrino cross sectio.pdf;/home/jacopo/zotero/storage/3R35HMDA/1711.html},
  keywords = {Astrophysics - High Energy Astrophysical Phenomena,High Energy Physics - Experiment,Nuclear Experiment},
  number = {7682},
  options = {useprefix=true}
}

@book{longairHighEnergyAstrophysics2011,
  title = {High {{Energy Astrophysics}}},
  author = {Longair, M. S.},
  date = {2011},
  publisher = {{Cambridge University Press}},
  file = {/home/jacopo/zotero/storage/95EFDSRN/Longair - 2011 - High Energy Astrophysics.pdf}
}

@report{patrignaniCosmicRays,
  title = {Cosmic {{Rays}}},
  author = {Patrignani, C.},
  url = {http://pdg.lbl.gov/2017/reviews/rpp2017-rev-cosmic-rays.pdf},
  urldate = {2020-03-16},
  file = {/home/jacopo/zotero/storage/QF2DB7E8/rpp2017-rev-cosmic-rays.pdf}
}

@book{perkinsParticleAstrophysics2009,
  ids = {perkinsParticleAstrophysics},
  title = {Particle {{Astrophysics}}},
  author = {Perkins, D. H.},
  date = {2009},
  publisher = {{Oxford University Press}},
  file = {/home/jacopo/zotero/storage/IGTTT8DA/Perkins - 2009 - Particle Astrophysics.pdf}
}

@article{pierreaugercollaborationMeasurementProtonairCrosssection2012,
  title = {Measurement of the Proton-Air Cross-Section at \$\textbackslash sqrt\{s\}=57\$ {{TeV}} with the {{Pierre Auger Observatory}}},
  author = {Pierre Auger Collaboration},
  date = {2012-08-10},
  journaltitle = {Physical Review Letters},
  shortjournal = {Phys. Rev. Lett.},
  volume = {109},
  pages = {062002},
  issn = {0031-9007, 1079-7114},
  doi = {10.1103/PhysRevLett.109.062002},
  url = {http://arxiv.org/abs/1208.1520},
  urldate = {2020-03-11},
  abstract = {We report a measurement of the proton-air cross-section for particle production at the center-of-mass energy per nucleon of 57 TeV. This is derived from the distribution of the depths of shower maxima observed with the Pierre Auger Observatory: systematic uncertainties are studied in detail. Analysing the tail of the distribution of the shower maxima, a proton-air cross-section of \$[505\textbackslash pm22(stat)\^\{+28\}\_\{-36\}(sys)]\$ mb is found.},
  annotation = {Comment: 9 pages, 4 figures, Accepted at PRL},
  archivePrefix = {arXiv},
  eprint = {1208.1520},
  eprinttype = {arxiv},
  file = {/home/jacopo/zotero/storage/6499EGQ4/Pierre Auger Collaboration - 2012 - Measurement of the proton-air cross-section at $s.pdf;/home/jacopo/zotero/storage/4A2FL26C/1208.html},
  keywords = {Astrophysics - High Energy Astrophysical Phenomena,High Energy Physics - Experiment},
  number = {6},
  version = {2}
}

@book{spurioProbesMultimessengerAstrophysics2019,
  title = {The {{Probes}} of {{Multimessenger Astrophysics}}},
  author = {Spurio, M.},
  date = {2019},
  publisher = {{Springer}}
}


